%
%  Grundlagen der Elektrotechnik, Labor: Bibliographie
%
@BOOK{Skript:MT,
  author = {Georg Brasseur},
  title = {Sktiptum zur Vorlesung \textbf{Elektrische Meßtechnik}},
  publisher = {Institut für Elektische Meßtechnik und Meßsignalverarbeitung, TU~Graz},
  year = {2007}
}

@BOOK{Skript:GET,
  author = {Werner Renhart},
  title = {{S}kriptum zur {V}orlesung aus \textbf{{G}rundlagen der {E}lektrotechnik}},
  publisher = {Institut für Grundlagen und Theorie der Elektrotechnik, TU~Graz},
  year = {2007}
}
